@article{Lipsitch2018challenges,
   author = {Lipsitch, M.},
title = {Challenges of vaccine effectiveness and waning studies},
journal = {Clin Infect Dis},
ISSN = {1537-6591 (Electronic)
1058-4838 (Linking)},
DOI = {10.1093/cid/ciy773},
url = {https://www.ncbi.nlm.nih.gov/pubmed/30204853},
year = {2018},
type = {Journal Article}
}

@article{Bateman2013Efectiveness,
   author = {Bateman, A. C. and Kieke, B. A. and Irving, S. A. and Meece, J. K. and Shay, D. K. and Belongia, E. A.},
   title = {Effectiveness of monovalent 2009 pandemic influenza A virus subtype H1N1 and 2010-2011 trivalent inactivated influenza vaccines in Wisconsin during the 2010-2011 influenza season},
   journal = {J Infect Dis},
   volume = {207},
   number = {8},
   pages = {1262-9},
   ISSN = {1537-6613 (Electronic)
0022-1899 (Linking)},
   DOI = {10.1093/infdis/jit020},
   url = {https://www.ncbi.nlm.nih.gov/pubmed/23341536},
   year = {2013},
   type = {Journal Article}
}

@article{Belongia2015Waning,
   author = {Belongia, E. A. and Sundaram, M. E. and McClure, D. L. and Meece, J. K. and Ferdinands, J. and VanWormer, J. J.},
   title = {Waning vaccine protection against influenza A (H3N2) illness in children and older adults during a single season},
   journal = {Vaccine},
   volume = {33},
   number = {1},
   pages = {246-51},
   ISSN = {1873-2518 (Electronic)
0264-410X (Linking)},
   DOI = {10.1016/j.vaccine.2014.06.052},
   url = {https://www.ncbi.nlm.nih.gov/pubmed/24962752},
   year = {2015},
   type = {Journal Article}
}

@article{Ferdinands2017Intraseason,
   author = {Ferdinands, J. M. and Fry, A. M. and Reynolds, S. and Petrie, J. and Flannery, B. and Jackson, M. L. and Belongia, E. A.},
   title = {Intraseason waning of influenza vaccine protection: Evidence from the US Influenza Vaccine Effectiveness Network, 2011-12 through 2014-15},
   journal = {Clin Infect Dis},
   volume = {64},
   number = {5},
   pages = {544-550},
   ISSN = {1537-6591 (Electronic)
1058-4838 (Linking)},
   DOI = {10.1093/cid/ciw816},
   url = {https://www.ncbi.nlm.nih.gov/pubmed/28039340},
   year = {2017},
   type = {Journal Article}
}

@article{Gherasim2016Waning,
   author = {Gherasim, A. and Pozo, F. and de Mateo, S. and Gamarra, I. A. and Garcia-Cenoz, M. and Vega, T. and Martinez, E. and Gimenez, J. and Castrillejo, D. and Larrauri, A. and cyc, E. V. A. team and the, Veva Working Group},
   title = {Waning protection of influenza vaccine against mild laboratory confirmed influenza A(H3N2) and B in Spain, season 2014-15},
   journal = {Vaccine},
   volume = {34},
   number = {20},
   pages = {2371-7},
   ISSN = {1873-2518 (Electronic)
0264-410X (Linking)},
   DOI = {10.1016/j.vaccine.2016.03.035},
   url = {https://www.ncbi.nlm.nih.gov/pubmed/27020713},
   year = {2016},
   type = {Journal Article}
}

@article{Jimenez-Jorge2013Effectiveness,
   author = {Jimenez-Jorge, S. and de Mateo, S. and Delgado-Sanz, C. and Pozo, F. and Casas, I. and Garcia-Cenoz, M. and Castilla, J. and Perez, E. and Gallardo, V. and Rodriguez, C. and Vega, T. and Quinones, C. and Martinez, E. and Vanrell, J. M. and Gimenez, J. and Castrillejo, D. and Serrano Mdel, C. and Ramos, J. M. and Larrauri, A. and Spanish Influenza Sentinel Surveillance, System},
   title = {Effectiveness of influenza vaccine against laboratory-confirmed influenza, in the late 2011-2012 season in Spain, among population targeted for vaccination},
   journal = {BMC Infect Dis},
   volume = {13},
   pages = {441},
   ISSN = {1471-2334 (Electronic)
1471-2334 (Linking)},
   DOI = {10.1186/1471-2334-13-441},
   url = {https://www.ncbi.nlm.nih.gov/pubmed/24053661},
   year = {2013},
   type = {Journal Article}
}

@article{Kilany2014Protection,
   author = {Kilany, W. and Dauphin, G. and Selim, A. and Tripodi, A. and Samy, M. and Sobhy, H. and VonDobschuetz, S. and Safwat, M. and Saad, M. and Erfan, A. and Hassan, M. and Lubroth, J. and Jobre, Y.},
   title = {Protection conferred by recombinant turkey herpesvirus avian influenza (rHVT-H5) vaccine in the rearing period in two commercial layer chicken breeds in Egypt},
   journal = {Avian Pathol},
   volume = {43},
   number = {6},
   pages = {514-23},
   ISSN = {1465-3338 (Electronic)
0307-9457 (Linking)},
   DOI = {10.1080/03079457.2014.966302},
   url = {https://www.ncbi.nlm.nih.gov/pubmed/25245772},
   year = {2014},
   type = {Journal Article}
}

@article{Kissling2016I-Move,
   author = {Kissling, E. and Nunes, B. and Robertson, C. and Valenciano, M. and Reuss, A. and Larrauri, A. and Cohen, J. M. and Oroszi, B. and Rizzo, C. and Machado, A. and Pitigoi, D. and Domegan, L. and Paradowska-Stankiewicz, I. and Buchholz, U. and Gherasim, A. and Daviaud, I. and Horvath, J. K. and Bella, A. and Lupulescu, E. and J, O. Donnell and Korczynska, M. and Moren, A. and team, I. Move case-control study},
   title = {I-MOVE multicentre case-control study 2010/11 to 2014/15: Is there within-season waning of influenza type/subtype vaccine effectiveness with increasing time since vaccination?},
   journal = {Euro Surveill},
   volume = {21},
   number = {16},
   ISSN = {1560-7917 (Electronic)
1025-496X (Linking)},
   DOI = {10.2807/1560-7917.ES.2016.21.16.30201},
   url = {https://www.ncbi.nlm.nih.gov/pubmed/27124420},
   year = {2016},
   type = {Journal Article}
}

@article{Kissling2013Low,
   author = {Kissling, E. and Valenciano, M. and Larrauri, A. and Oroszi, B. and Cohen, J. M. and Nunes, B. and Pitigoi, D. and Rizzo, C. and Rebolledo, J. and Paradowska-Stankiewicz, I. and Jimenez-Jorge, S. and Horvath, J. K. and Daviaud, I. and Guiomar, R. and Necula, G. and Bella, A. and O'Donnell, J. and Gluchowska, M. and Ciancio, B. C. and Nicoll, A. and Moren, A.},
   title = {Low and decreasing vaccine effectiveness against influenza A(H3) in 2011/12 among vaccination target groups in Europe: results from the I-MOVE multicentre case-control study},
   journal = {Euro Surveill},
   volume = {18},
   number = {5},
   ISSN = {1560-7917 (Electronic)
1025-496X (Linking)},
   url = {https://www.ncbi.nlm.nih.gov/pubmed/23399425},
   year = {2013},
   type = {Journal Article}
}

@article{Mathews2009Understanding,
   author = {Mathews, J. D. and Chesson, J. M. and McCaw, J. M. and McVernon, J.},
   title = {Understanding influenza transmission, immunity and pandemic threats},
   journal = {Influenza Other Respir Viruses},
   volume = {3},
   number = {4},
   pages = {143-9},
   ISSN = {1750-2659 (Electronic)
1750-2640 (Linking)},
   DOI = {10.1111/j.1750-2659.2009.00089.x},
   url = {https://www.ncbi.nlm.nih.gov/pubmed/19627371},
   year = {2009},
   type = {Journal Article}
}

@article{Monto2009Influenza,
   author = {Monto, A. S. and Ansaldi, F. and Aspinall, R. and McElhaney, J. E. and Montano, L. F. and Nichol, K. L. and Puig-Barbera, J. and Schmitt, J. and Stephenson, I.},
   title = {Influenza control in the 21st century: Optimizing protection of older adults},
   journal = {Vaccine},
   volume = {27},
   number = {37},
   pages = {5043-53},
   ISSN = {1873-2518 (Electronic)
0264-410X (Linking)},
   DOI = {10.1016/j.vaccine.2009.06.032},
   url = {https://www.ncbi.nlm.nih.gov/pubmed/19559118},
   year = {2009},
   type = {Journal Article}
}

@article{Pebody2013Vaccine,
   author = {Pebody, R. and Andrews, N. and McMenamin, J. and Durnall, H. and Ellis, J. and Thompson, C. I. and Robertson, C. and Cottrell, S. and Smyth, B. and Zambon, M. and Moore, C. and Fleming, D. M. and Watson, J. M.},
   title = {Vaccine effectiveness of 2011/12 trivalent seasonal influenza vaccine in preventing laboratory-confirmed influenza in primary care in the United Kingdom: evidence of waning intra-seasonal protection},
   journal = {Euro Surveill},
   volume = {18},
   number = {5},
   ISSN = {1560-7917 (Electronic)
1025-496X (Linking)},
   url = {https://www.ncbi.nlm.nih.gov/pubmed/23399424},
   year = {2013},
   type = {Journal Article}
}

@article{Puig-Barbera2017Waning,
   author = {Puig-Barbera, J. and Mira-Iglesias, A. and Tortajada-Girbes, M. and Lopez-Labrador, F. X. and Librero-Lopez, J. and Diez-Domingo, J. and Carballido-Fernandez, M. and Carratala-Munuera, C. and Correcher-Medina, P. and Gil-Guillen, V. and Limon-Ramirez, R. and Mollar-Maseres, J. and Otero-Reigada, M. C. and Schwarz, H. and Valencia Hospital Network for the Study of, Influenza and other Respiratory, Viruses},
   title = {Waning protection of influenza vaccination during four influenza seasons, 2011/2012 to 2014/2015},
   journal = {Vaccine},
   volume = {35},
   number = {43},
   pages = {5799-5807},
   ISSN = {1873-2518 (Electronic)
0264-410X (Linking)},
   DOI = {10.1016/j.vaccine.2017.09.035},
   url = {https://www.ncbi.nlm.nih.gov/pubmed/28941618},
   year = {2017},
   type = {Journal Article}
}

@article{Radin2016Influenza,
   author = {Radin, J. M. and Hawksworth, A. W. and Myers, C. A. and Ricketts, M. N. and Hansen, E. A. and Brice, G. T.},
   title = {Influenza vaccine effectiveness: Maintained protection throughout the duration of influenza seasons 2010-2011 through 2013-2014},
   journal = {Vaccine},
   volume = {34},
   number = {33},
   pages = {3907-12},
   ISSN = {1873-2518 (Electronic)
0264-410X (Linking)},
   DOI = {10.1016/j.vaccine.2016.05.034},
   url = {https://www.ncbi.nlm.nih.gov/pubmed/27265447},
   year = {2016},
   type = {Journal Article}
}

@article{Ray2018Intra-season,
   author = {Ray, G. T. and Lewis, N. and Klein, N. P. and Daley, M. F. and Wang, S. V. and Kulldorff, M. and Fireman, B.},
   title = {Intra-season Waning of Influenza Vaccine Effectiveness},
   journal = {Clin Infect Dis},
   ISSN = {1537-6591 (Electronic)
1058-4838 (Linking)},
   DOI = {10.1093/cid/ciy770},
   url = {https://www.ncbi.nlm.nih.gov/pubmed/30204855},
   year = {2018},
   type = {Journal Article}
}

@article{Rondy2013seasonal,
   author = {Rondy, M. and Puig-Barbera, J. and Launay, O. and Duval, X. and Castilla, J. and Guevara, M. and Costanzo, S. and de Gaetano Donati, K. and Moren, A.},
   title = {2011-12 seasonal influenza vaccines effectiveness against confirmed A(H3N2) influenza hospitalisation: pooled analysis from a European network of hospitals. A pilot study},
   journal = {PLoS One},
   volume = {8},
   number = {4},
   pages = {e59681},
   ISSN = {1932-6203 (Electronic)
1932-6203 (Linking)},
   DOI = {10.1371/journal.pone.0059681},
   url = {https://www.ncbi.nlm.nih.gov/pubmed/23565159},
   year = {2013},
   type = {Journal Article}
}

@article{Skowronski2017Beyond,
   author = {Skowronski, D. M. and Chambers, C. and Sabaiduc, S. and De Serres, G. and Winter, A. L. and Dickinson, J. A. and Gubbay, J. B. and Drews, S. J. and Martineau, C. and Charest, H. and Krajden, M. and Bastien, N. and Li, Y.},
   title = {Beyond Antigenic Match: Possible Agent-Host and Immuno-epidemiological Influences on Influenza Vaccine Effectiveness During the 2015-2016 Season in Canada},
   journal = {J Infect Dis},
   volume = {216},
   number = {12},
   pages = {1487-1500},
   ISSN = {1537-6613 (Electronic)
0022-1899 (Linking)},
   DOI = {10.1093/infdis/jix526},
   url = {https://www.ncbi.nlm.nih.gov/pubmed/29029166},
   year = {2017},
   type = {Journal Article}
}

@article{Sullivan2014Influenza,
   author = {Sullivan, S. G. and Komadina, N. and Grant, K. and Jelley, L. and Papadakis, G. and Kelly, H.},
   title = {Influenza vaccine effectiveness during the 2012 influenza season in Victoria, Australia: influences of waning immunity and vaccine match},
   journal = {J Med Virol},
   volume = {86},
   number = {6},
   pages = {1017-25},
   ISSN = {1096-9071 (Electronic)
0146-6615 (Linking)},
   DOI = {10.1002/jmv.23847},
   url = {https://www.ncbi.nlm.nih.gov/pubmed/24395730},
   year = {2014},
   type = {Journal Article}
}

@article{Woolthuis2017Variation,
   author = {Woolthuis, R. G. and Wallinga, J. and van Boven, M.},
   title = {Variation in loss of immunity shapes influenza epidemics and the impact of vaccination},
   journal = {BMC Infect Dis},
   volume = {17},
   number = {1},
   pages = {632},
   ISSN = {1471-2334 (Electronic)
1471-2334 (Linking)},
   DOI = {10.1186/s12879-017-2716-y},
   url = {https://www.ncbi.nlm.nih.gov/pubmed/28927373},
   year = {2017},
   type = {Journal Article}
}

@article{Zamparo2011Immunogenicity,
   author = {Zamparo, E. and Little, D.},
   title = {Immunogenicity and effectiveness of virosomal adjuvanted vaccines against influenza: a brief review of their utility in the elderly population},
   journal = {J Prev Med Hyg},
   volume = {52},
   number = {3},
   pages = {116-9},
   ISSN = {1121-2233 (Print)
1121-2233 (Linking)},
   url = {https://www.ncbi.nlm.nih.gov/pubmed/22010538},
   year = {2011},
   type = {Journal Article}
}

